@INTERNET{Silva,
   author={Carlos A. Silva},
   title={Microcontroladores e Interfaces},
   internetaddress={http://www.cin.ufpe.br/~can/Arquivos/A11.pdf},
   year=2004}